@inproceedings{sharma2023navigating,
	title={Navigating Challenges and Opportunities in Peer-to-Peer Energy Trading: A Comprehensive Review on Indian Scenario},
	author={Sharma, Ankita and Sangal, Amrit Lal},
	booktitle={International Conference on Signal, Machines, Automation, and Algorithm},
	pages={819--831},
	year={2023},
	organization={Springer}
}

@article{islam2024review,
	title={A review of peer-to-peer energy trading markets: Enabling models and technologies},
	author={Islam, Shama Naz},
	journal={Energies},
	volume={17},
	number={7},
	pages={1702},
	year={2024},
	publisher={MDPI}
}

@article{10_48550-arxiv_2505_02293,

title={Resolving Conflicting Constraints in Multi-Agent Reinforcement Learning with Layered Safety},
author={Choi, Jason J and Aloor, Jasmine Jerry and Li, Jingqi and Mendoza, Maria G and Balakrishnan, Hamsa and Tomlin, Claire J},
journal={arXiv preprint arXiv:2505.02293},
year={2025}
}

@article{10_1109-TSG_2023_3277087,
title={Multi-agent safe graph reinforcement learning for PV inverters-based real-time decentralized volt/var control in zoned distribution networks},
author={Yan, Rudai and Xing, Qiang and Xu, Yan},
journal={IEEE Transactions on Smart Grid},
volume={15},
number={1},
pages={299--311},
year={2023},
publisher={IEEE}
}

@article{10_1109-TSTE_2023_3341632,
title={Data driven decentralized control of inverter based renewable energy sources using safe guaranteed multi-agent deep reinforcement learning},
author={Zhang, Mengfan and Guo, Guodong and Magn{\'u}sson, Sindri and Pilawa-Podgurski, Robert CN and Xu, Qianwen},
journal={IEEE Transactions on Sustainable Energy},
volume={15},
number={2},
pages={1288--1299},
year={2023},
publisher={IEEE}
}

@phdthesis{10_5525-gla_thesis_83065,
	title={Empowering peer-to-peer energy trading in smart grid via deep reinforcement learning},
	author={Chen, Tianyi},
	year={2022},
	school={University of Glasgow}
}

@article{10.1049_rpg2.70075,
  title={A Comprehensive Review on Peer-to-Peer Energy Trading: Market Structure, Operational Layers, Energy Cooperatives and Multi-energy Systems},
author={Tanis, Zeynep and Durusu, Ali and Altintas, Nihan},
journal={IET Renewable Power Generation},
volume={19},
number={1},
pages={e70075},
year={2025},
publisher={Wiley Online Library}
}
@article{10_1109-TSG_2022_3225814,
  title={Optimal coordination for multiple network-constrained VPPs via multi-agent deep reinforcement learning},
author={Liu, Xiao and Li, Sinan and Zhu, Jianguo},
journal={IEEE Transactions on Smart Grid},
volume={14},
number={4},
pages={3016--3031},
year={2022},
publisher={IEEE}
}

@article{10.1109_TSG_2023_3277087,
  title={Multi-agent safe graph reinforcement learning for PV inverters-based real-time decentralized volt/var control in zoned distribution networks},
author={Yan, Rudai and Xing, Qiang and Xu, Yan},
journal={IEEE Transactions on Smart Grid},
volume={15},
number={1},
pages={299--311},
year={2023},
publisher={IEEE}
}

@article{10.1109_TSTE_2023_3341632,
  title={Data driven decentralized control of inverter based renewable energy sources using safe guaranteed multi-agent deep reinforcement learning},
author={Zhang, Mengfan and Guo, Guodong and Magn{\'u}sson, Sindri and Pilawa-Podgurski, Robert CN and Xu, Qianwen},
journal={IEEE Transactions on Sustainable Energy},
volume={15},
number={2},
pages={1288--1299},
year={2023},
publisher={IEEE}
}

@article{10.1109/TSG_2023_3302270,
  title={Dynamic operating envelope-based local energy market for prosumers with electric vehicles},
author={Hoque, Md Murshadul and Khorasany, Mohsen and Azim, M Imran and Razzaghi, Reza and Jalili, Mahdi},
journal={IEEE Transactions on Smart Grid},
volume={15},
number={2},
pages={1712--1724},
year={2023},
publisher={IEEE}
}

@inproceedings{10_1109-PESGM48719_2022_9916730,
  title={Battery service lifespan constrained prosumer optimization model for P2P energy trading},
author={Sampath, LP Mohasha Isuru and Weng, Yu and Xie, Jiahang and Gooi, Hoay Beng and Nguyen, Hung Dinh},
booktitle={2022 IEEE Power \& Energy Society General Meeting (PESGM)},
pages={1--5},
year={2022},
organization={IEEE}
}

@article{10_48550-arxiv_2103_12553,
  title={Safe multi-agent reinforcement learning through decentralized multiple control barrier functions},
author={Cai, Zhiyuan and Cao, Huanhui and Lu, Wenjie and Zhang, Lin and Xiong, Hao},
journal={arXiv preprint arXiv:2103.12553},
year={2021}
}
@article{10_3233-KES-2010-0206,
  title={The world of independent learners is not Markovian},
author={Laurent, Guillaume J and Matignon, La{\"e}titia and Le Fort-Piat, Nadine},
journal={International Journal of Knowledge-based and Intelligent Engineering Systems},
volume={15},
number={1},
pages={55--64},
year={2011},
publisher={SAGE Publications Sage UK: London, England}
}

@article{10_1007-s10846-023-01917-z,
  title={Smooth q-learning: An algorithm for independent learners in stochastic cooperative markov games},
author={Amhraoui, Elmehdi and Masrour, Tawfik},
journal={Journal of Intelligent \& Robotic Systems},
volume={108},
number={4},
pages={65},
year={2023},
publisher={Springer}
}

@inproceedings{10_1109-ICETIS61828_2024_10593780,
  title={Information-Theoretic Multi-Agent Algorithm Based on the CTDE Framework},
author={Liu, Xiangyu and Jin, Bo},
booktitle={2024 9th International Conference on Electronic Technology and Information Science (ICETIS)},
pages={511--516},
year={2024},
organization={IEEE}
}

@inproceedings{10_1109-CAC57257_2022_10055447,
  title={Optimal scheduling of integrated energy system based on multi-agent reinforcement learning},
author={Meng, Fanqi and Wang, Hao and Xu, Lei and Yuan, Chao and Wang, Hui and Niu, Yifan},
booktitle={2022 China Automation Congress (CAC)},
pages={1179--1184},
year={2022},
organization={IEEE}
}

@article{10_1109-TNNLS_2021_3105869,
  title={UNMAS: Multiagent reinforcement learning for unshaped cooperative scenarios},
author={Chai, Jiajun and Li, Weifan and Zhu, Yuanheng and Zhao, Dongbin and Ma, Zhe and Sun, Kewu and Ding, Jishiyu},
journal={IEEE transactions on neural networks and learning systems},
volume={34},
number={4},
pages={2093--2104},
year={2021},
publisher={IEEE}
}

@article{10_1109-TII_2024_3391934,
  title={Safe multiagent learning with soft constrained policy optimization in real robot control},
author={Gu, Shangding and Huang, Dianye and Wen, Muning and Chen, Guang and Knoll, Alois},
journal={IEEE Transactions on Industrial Informatics},
volume={20},
number={9},
pages={10706--10716},
year={2024},
publisher={IEEE}
}

@article{10_1007-s10846-024-02156-6,
title={Safe Multi-Agent Reinforcement Learning via Approximate Hamilton-Jacobi Reachability},
author={Zhu, Kai and Lan, Fengbo and Zhao, Wenbo and Zhang, Tao},
journal={Journal of Intelligent \& Robotic Systems},
volume={111},
number={1},
pages={7},
year={2024},
publisher={Springer}
}

@article{10_48550-arxiv_2411_15036,
  title={Safe multi-agent reinforcement learning with convergence to generalized nash equilibrium},
author={Li, Zeyang and Azizan, Navid},
journal={arXiv preprint arXiv:2411.15036},
year={2024}
}

@article{suthar2023peer,
	title={Peer-to-peer energy trading in smart grid: Frameworks, implementation methodologies, and demonstration projects},
	author={Suthar, Sachinkumar and Cherukuri, S Hari Charan and Pindoriya, Naran M},
	journal={Electric Power Systems Research},
	volume={214},
	pages={108907},
	year={2023},
	publisher={Elsevier}
}

@article{hayes2020co,
	title={Co-simulation of electricity distribution networks and peer to peer energy trading platforms},
	author={Hayes, Barry P and Thakur, Subhasis and Breslin, John G},
	journal={International Journal of Electrical Power \& Energy Systems},
	volume={115},
	pages={105419},
	year={2020},
	publisher={Elsevier}
}

@article{tushar2019grid,
	title={Grid influenced peer-to-peer energy trading},
	author={Tushar, Wayes and Saha, Tapan Kumar and Yuen, Chau and Morstyn, Thomas and Poor, H Vincent and Bean, Richard and others},
	journal={IEEE Transactions on Smart Grid},
	volume={11},
	number={2},
	pages={1407--1418},
	year={2019},
	publisher={IEEE}
}

@article{zhang2018peer,
	title={Peer-to-Peer energy trading in a Microgrid},
	author={Zhang, Chenghua and Wu, Jianzhong and Zhou, Yue and Cheng, Meng and Long, Chao},
	journal={Applied energy},
	volume={220},
	pages={1--12},
	year={2018},
	publisher={Elsevier}
}

@article{amin2020motivational,
	title={A motivational game-theoretic approach for peer-to-peer energy trading in islanded and grid-connected microgrid},
	author={Amin, Waqas and Huang, Qi and Umer, Khalid and Zhang, Zhenyuan and Afzal, M and Khan, Abdullah Aman and Ahmed, Syed Adrees},
	journal={International journal of electrical power \& energy systems},
	volume={123},
	pages={106307},
	year={2020},
	publisher={Elsevier}
}

@article{morstyn2018using,
	title={Using peer-to-peer energy-trading platforms to incentivize prosumers to form federated power plants},
	author={Morstyn, Thomas and Farrell, Niall and Darby, Sarah J and McCulloch, Malcolm D},
	journal={Nature energy},
	volume={3},
	number={2},
	pages={94--101},
	year={2018},
	publisher={Nature Publishing Group UK London}
}